<?xml version="1.0" encoding="UTF-8"?><collection xmlns="http://www.loc.gov/MARC21/slim"><record><leader>00439nam--2200121-i-4500</leader><controlfield tag="001">000044267</controlfield><controlfield tag="002">20161230</controlfield><controlfield tag="005">20161230201044</controlfield><controlfield tag="008">060222s1000------------r-----000-0-eng-d</controlfield><datafield ind1=" " ind2=" " tag="080"><subfield code="a">530.1(075.9)</subfield></datafield><datafield ind1=" " ind2=" " tag="245"><subfield code="a">Theoretical physics. lectures presented at the seminar on theoretical physics organized by the iaea, held at the palazzino miramare, trieste, 16-25 aug., 1962</subfield></datafield><datafield ind1=" " ind2=" " tag="260"><subfield code="a">Vienna, Intern.Atomic Energy Agency, 1963, 637p</subfield></datafield><datafield ind1=" " ind2=" " tag="852"><subfield code="a">17981</subfield></datafield></record></collection>